<?xml version="1.0" encoding="UTF-8"?><record xmlns="http://www.loc.gov/MARC21/slim" xmlns:cinclude="http://apache.org/cocoon/include/1.0" xmlns:zs="http://www.loc.gov/zing/srw/">
  <leader>00746cz  a2200217n  4500</leader>
  <controlfield tag="001">n  84721513 </controlfield>
  <controlfield tag="003">DLC</controlfield>
  <controlfield tag="005">20080704075312.0</controlfield>
  <controlfield tag="008">851204n| acaaaaaan          |a ana      </controlfield>
  <datafield tag="010" ind1=" " ind2=" ">
    <subfield code="a">n  84721513 </subfield>
  </datafield>
  <datafield tag="035" ind1=" " ind2=" ">
    <subfield code="a">(OCoLC)oca01452149</subfield>
  </datafield>
  <datafield tag="040" ind1=" " ind2=" ">
    <subfield code="a">DLC</subfield>
    <subfield code="b">eng</subfield>
    <subfield code="c">DLC</subfield>
    <subfield code="d">DLC</subfield>
    <subfield code="d">OCoLC</subfield>
  </datafield>
  <datafield tag="130" ind1=" " ind2="0">
    <subfield code="a">Acta Universitatis Palackianae Olomucensis.</subfield>
    <subfield code="p">Facultas Paedagogica (Series).</subfield>
    <subfield code="p">Gymnica</subfield>
  </datafield>
  <datafield tag="410" ind1="2" ind2=" ">
    <subfield code="a">Univerzita Palackého v Olomouci.</subfield>
    <subfield code="b">Pedagogická fakulta.</subfield>
    <subfield code="t">Acta Universitatis Palackianae Olomucensis.</subfield>
    <subfield code="p">Facultas Paedagogica.</subfield>
    <subfield code="p">Gymnica</subfield>
  </datafield>
  <datafield tag="430" ind1=" " ind2="0">
    <subfield code="a">Gymnica</subfield>
  </datafield>
  <datafield tag="642" ind1=" " ind2=" ">
    <subfield code="a">14</subfield>
    <subfield code="5">DLC</subfield>
  </datafield>
  <datafield tag="643" ind1=" " ind2=" ">
    <subfield code="a">Praha</subfield>
    <subfield code="b">Státní pedagogické nakl.</subfield>
  </datafield>
  <datafield tag="644" ind1=" " ind2=" ">
    <subfield code="a">f</subfield>
    <subfield code="5">DLC</subfield>
  </datafield>
  <datafield tag="645" ind1=" " ind2=" ">
    <subfield code="a">t</subfield>
    <subfield code="5">DLC</subfield>
  </datafield>
  <datafield tag="646" ind1=" " ind2=" ">
    <subfield code="a">s</subfield>
    <subfield code="5">DLC</subfield>
  </datafield>
  <datafield tag="670" ind1=" " ind2=" ">
    <subfield code="a">Tělesná výchova a sport, 1984- :</subfield>
    <subfield code="b">v. 3, t.p.</subfield>
  </datafield>
</record>